<?xml version="1.0" encoding="UTF-8"?><collection xmlns="http://www.loc.gov/MARC21/slim"><record><leader>00495nam--2200145-i-4500</leader><controlfield tag="001">000019154</controlfield><controlfield tag="002">20161230</controlfield><controlfield tag="005">20161230201033</controlfield><controlfield tag="008">060222s1000------------r-----000-0-eng-d</controlfield><datafield ind1=" " ind2=" " tag="080"><subfield code="a">539.172.3:539.2:016:541.2</subfield></datafield><datafield ind1=" " ind2=" " tag="100"><subfield code="a">Fischer, Jorg /S.A.</subfield></datafield><datafield ind1=" " ind2=" " tag="245"><subfield code="a">Internationale bibliographie zum mossbauer effect fur die jahre 1965 bis 1967</subfield></datafield><datafield ind1=" " ind2=" " tag="260"><subfield code="a">Berlin, Veb Verlag Tecchnik, 1968. 175 P</subfield></datafield><datafield ind1=" " ind2=" " tag="490"><subfield code="a">Bibliothek Der Technischen Universitat Dresden Bibliographische Arbeiten Nr.3</subfield></datafield><datafield ind1=" " ind2=" " tag="852"><subfield code="a">D.1237</subfield></datafield></record></collection>